<?xml version="1.0" encoding="UTF-8"?>
  <record xmlns="http://www.loc.gov/MARC21/slim" type="Authority">
    <leader>00000nz  a2200000nc 4500</leader>
    <controlfield tag="001">120182815</controlfield>
    <controlfield tag="003">DE-101</controlfield>
    <controlfield tag="005">20201208135039.0</controlfield>
    <controlfield tag="008">980514n||azznnaabn           | aaa    |c</controlfield>
    <datafield tag="024" ind1="7" ind2=" ">
      <subfield code="a">120182815</subfield>
      <subfield code="0">http://d-nb.info/gnd/120182815</subfield>
      <subfield code="2">gnd</subfield>
    </datafield>
    <datafield tag="035" ind1=" " ind2=" ">
      <subfield code="a">(DE-101)120182815</subfield>
    </datafield>
    <datafield tag="035" ind1=" " ind2=" ">
      <subfield code="a">(DE-588)120182815</subfield>
    </datafield>
    <datafield tag="035" ind1=" " ind2=" ">
      <subfield code="z">(DE-588)1089682964</subfield>
    </datafield>
    <datafield tag="035" ind1=" " ind2=" ">
      <subfield code="z">(DE-588a)120182815</subfield>
      <subfield code="9">v:zg</subfield>
    </datafield>
    <datafield tag="040" ind1=" " ind2=" ">
      <subfield code="a">DE-12</subfield>
      <subfield code="c">DE-12</subfield>
      <subfield code="9">r:DE-12</subfield>
      <subfield code="b">ger</subfield>
      <subfield code="d">2214</subfield>
      <subfield code="e">rda</subfield>
    </datafield>
    <datafield tag="042" ind1=" " ind2=" ">
      <subfield code="a">gnd1</subfield>
    </datafield>
    <datafield tag="043" ind1=" " ind2=" ">
      <subfield code="c">XA-DE</subfield>
    </datafield>
    <datafield tag="065" ind1=" " ind2=" ">
      <subfield code="a">16.5p</subfield>
      <subfield code="2">sswd</subfield>
    </datafield>
    <datafield tag="075" ind1=" " ind2=" ">
      <subfield code="b">p</subfield>
      <subfield code="2">gndgen</subfield>
    </datafield>
    <datafield tag="075" ind1=" " ind2=" ">
      <subfield code="b">pik</subfield>
      <subfield code="2">gndspec</subfield>
    </datafield>
    <datafield tag="079" ind1=" " ind2=" ">
      <subfield code="a">g</subfield>
      <subfield code="q">a</subfield>
      <subfield code="q">f</subfield>
      <subfield code="q">s</subfield>
      <subfield code="q">z</subfield>
      <subfield code="u">k</subfield>
    </datafield>
    <datafield tag="100" ind1="0" ind2=" ">
      <subfield code="a">Philipp Wilhelm</subfield>
      <subfield code="c">Brandenburg-Schwedt, Markgraf</subfield>
      <subfield code="d">1669-1711</subfield>
    </datafield>
    <datafield tag="375" ind1=" " ind2=" ">
      <subfield code="a">1</subfield>
      <subfield code="2">iso5218</subfield>
    </datafield>
    <datafield tag="400" ind1="0" ind2=" ">
      <subfield code="a">Philipp Wilhelm</subfield>
      <subfield code="c">Brandenburg, Markgraf</subfield>
      <subfield code="d">1669-1711</subfield>
    </datafield>
    <datafield tag="400" ind1="0" ind2=" ">
      <subfield code="a">Philippus Wilhelmus</subfield>
      <subfield code="c">Brandenburgia, Marchio</subfield>
      <subfield code="d">1669-1711</subfield>
    </datafield>
    <datafield tag="400" ind1="0" ind2=" ">
      <subfield code="a">Philippus Wilhelmus</subfield>
      <subfield code="c">Brandenburgum, Elector</subfield>
      <subfield code="d">1669-1711</subfield>
    </datafield>
    <datafield tag="400" ind1="0" ind2=" ">
      <subfield code="a">Philipp Wilhelm</subfield>
      <subfield code="c">Preußen, Prinz</subfield>
      <subfield code="d">1669-1711</subfield>
    </datafield>
    <datafield tag="400" ind1="0" ind2=" ">
      <subfield code="a">Philipp Wilhelm</subfield>
      <subfield code="c">Fürst</subfield>
      <subfield code="d">1669-1711</subfield>
    </datafield>
    <datafield tag="400" ind1="0" ind2=" ">
      <subfield code="a">Philippus Wilhelmus</subfield>
      <subfield code="c">Borussia, Princeps</subfield>
      <subfield code="d">1669-1711</subfield>
    </datafield>
    <datafield tag="400" ind1="0" ind2=" ">
      <subfield code="a">Philippus Wilhelmus</subfield>
      <subfield code="c">Princeps Borussiae</subfield>
      <subfield code="d">1669-1711</subfield>
    </datafield>
    <datafield tag="400" ind1="0" ind2=" ">
      <subfield code="a">Philippus Wilhelmus</subfield>
      <subfield code="c">Borussiæ, Principe</subfield>
      <subfield code="d">1669-1711</subfield>
    </datafield>
    <datafield tag="400" ind1="0" ind2=" ">
      <subfield code="a">Philippus Wilhelmus</subfield>
      <subfield code="c">Porussia, Princeps</subfield>
      <subfield code="d">1669-1711</subfield>
    </datafield>
    <datafield tag="400" ind1="0" ind2=" ">
      <subfield code="a">Philippus Wilhelmus</subfield>
      <subfield code="c">Prussia, Princeps</subfield>
      <subfield code="d">1669-1711</subfield>
    </datafield>
    <datafield tag="400" ind1="0" ind2=" ">
      <subfield code="9">L:fre</subfield>
      <subfield code="a">Philipp Wilhelm</subfield>
      <subfield code="c">Margrave de Brandebourg-Schwedt</subfield>
      <subfield code="d">1669-1711</subfield>
      <subfield code="5">CH-GND</subfield>
    </datafield>
    <datafield tag="400" ind1="0" ind2=" ">
      <subfield code="9">L:eng</subfield>
      <subfield code="a">Philipp Wilhelm</subfield>
      <subfield code="c">Margrave of Brandenburg-Schwedt</subfield>
      <subfield code="d">1669-1711</subfield>
      <subfield code="5">CH-GND</subfield>
    </datafield>
    <datafield tag="400" ind1="0" ind2=" ">
      <subfield code="a">Philippus Wilhelmus</subfield>
      <subfield code="c">Marchio Brandenburgensis</subfield>
      <subfield code="d">1669-1711</subfield>
    </datafield>
    <datafield tag="400" ind1="0" ind2=" ">
      <subfield code="a">Philipp Wilhelm</subfield>
      <subfield code="c">Prinz von Preussen</subfield>
      <subfield code="d">1669-1711</subfield>
    </datafield>
    <datafield tag="400" ind1="0" ind2=" ">
      <subfield code="a">Philipp Wilhelm</subfield>
      <subfield code="c">Prince de Prusse</subfield>
      <subfield code="d">1669-1711</subfield>
    </datafield>
    <datafield tag="400" ind1="0" ind2=" ">
      <subfield code="a">Philipp Wilhelm</subfield>
      <subfield code="c">Prince of Prussia</subfield>
      <subfield code="d">1669-1711</subfield>
    </datafield>
    <datafield tag="400" ind1="0" ind2=" ">
      <subfield code="a">Philippus Wilhelmus</subfield>
      <subfield code="c">Princeps Prussiae</subfield>
      <subfield code="d">1669-1711</subfield>
    </datafield>
    <datafield tag="500" ind1="0" ind2=" ">
      <subfield code="0">(DE-101)11853596X</subfield>
      <subfield code="0">(DE-588)11853596X</subfield>
      <subfield code="0">https://d-nb.info/gnd/11853596X</subfield>
      <subfield code="a">Friedrich Wilhelm</subfield>
      <subfield code="c">Brandenburg, Kurfürst</subfield>
      <subfield code="d">1620-1688</subfield>
      <subfield code="4">bezf</subfield>
      <subfield code="4">https://d-nb.info/standards/elementset/gnd#familialRelationship</subfield>
      <subfield code="w">r</subfield>
      <subfield code="i">Beziehung familiaer</subfield>
      <subfield code="e">Beziehung familiaer</subfield>
      <subfield code="9">v:Vater</subfield>
    </datafield>
    <datafield tag="500" ind1="0" ind2=" ">
      <subfield code="0">(DE-101)189436700</subfield>
      <subfield code="0">(DE-588)189436700</subfield>
      <subfield code="0">https://d-nb.info/gnd/189436700</subfield>
      <subfield code="a">Johanna Charlotte</subfield>
      <subfield code="c">Brandenburg-Schwedt, Markgräfin</subfield>
      <subfield code="d">1682-1750</subfield>
      <subfield code="4">bezf</subfield>
      <subfield code="4">https://d-nb.info/standards/elementset/gnd#familialRelationship</subfield>
      <subfield code="w">r</subfield>
      <subfield code="i">Beziehung familiaer</subfield>
      <subfield code="e">Beziehung familiaer</subfield>
      <subfield code="9">v:Ehefrau</subfield>
    </datafield>
    <datafield tag="500" ind1="0" ind2=" ">
      <subfield code="0">(DE-101)122206975</subfield>
      <subfield code="0">(DE-588)122206975</subfield>
      <subfield code="0">https://d-nb.info/gnd/122206975</subfield>
      <subfield code="a">Friedrich Heinrich</subfield>
      <subfield code="c">Brandenburg-Schwedt, Markgraf</subfield>
      <subfield code="d">1709-1788</subfield>
      <subfield code="4">bezf</subfield>
      <subfield code="4">https://d-nb.info/standards/elementset/gnd#familialRelationship</subfield>
      <subfield code="w">r</subfield>
      <subfield code="i">Beziehung familiaer</subfield>
      <subfield code="e">Beziehung familiaer</subfield>
      <subfield code="9">v:Sohn</subfield>
    </datafield>
    <datafield tag="548" ind1=" " ind2=" ">
      <subfield code="a">1669-1711</subfield>
      <subfield code="4">datl</subfield>
      <subfield code="4">https://d-nb.info/standards/elementset/gnd#dateOfBirthAndDeath</subfield>
      <subfield code="w">r</subfield>
      <subfield code="i">Lebensdaten</subfield>
    </datafield>
    <datafield tag="548" ind1=" " ind2=" ">
      <subfield code="a">19.05.1669-19.12.1711</subfield>
      <subfield code="4">datx</subfield>
      <subfield code="4">https://d-nb.info/standards/elementset/gnd#dateOfBirthAndDeath</subfield>
      <subfield code="w">r</subfield>
      <subfield code="i">Exakte Lebensdaten</subfield>
    </datafield>
    <datafield tag="550" ind1=" " ind2=" ">
      <subfield code="0">(DE-101)041689127</subfield>
      <subfield code="0">(DE-588)4168912-4</subfield>
      <subfield code="0">https://d-nb.info/gnd/4168912-4</subfield>
      <subfield code="a">Markgraf</subfield>
      <subfield code="4">adel</subfield>
      <subfield code="4">https://d-nb.info/standards/elementset/gnd#titleOfNobility</subfield>
      <subfield code="w">r</subfield>
      <subfield code="i">Adelstitel</subfield>
    </datafield>
    <datafield tag="551" ind1=" " ind2=" ">
      <subfield code="0">(DE-101)042651166</subfield>
      <subfield code="0">(DE-588)4265116-5</subfield>
      <subfield code="0">https://d-nb.info/gnd/4265116-5</subfield>
      <subfield code="a">Königsberg</subfield>
      <subfield code="z">Region</subfield>
      <subfield code="4">ortg</subfield>
      <subfield code="4">https://d-nb.info/standards/elementset/gnd#placeOfBirth</subfield>
      <subfield code="w">r</subfield>
      <subfield code="i">Geburtsort</subfield>
    </datafield>
    <datafield tag="551" ind1=" " ind2=" ">
      <subfield code="0">(DE-101)040057283</subfield>
      <subfield code="0">(DE-588)4005728-8</subfield>
      <subfield code="0">https://d-nb.info/gnd/4005728-8</subfield>
      <subfield code="a">Berlin</subfield>
      <subfield code="4">orts</subfield>
      <subfield code="4">https://d-nb.info/standards/elementset/gnd#placeOfDeath</subfield>
      <subfield code="w">r</subfield>
      <subfield code="i">Sterbeort</subfield>
    </datafield>
    <datafield tag="667" ind1=" " ind2=" ">
      <subfield code="a">VD-17</subfield>
    </datafield>
    <datafield tag="667" ind1=" " ind2=" ">
      <subfield code="a">3</subfield>
    </datafield>
    <datafield tag="667" ind1=" " ind2=" ">
      <subfield code="a">VD-18</subfield>
    </datafield>
    <datafield tag="670" ind1=" " ind2=" ">
      <subfield code="a">Wikipedia</subfield>
    </datafield>
    <datafield tag="670" ind1=" " ind2=" ">
      <subfield code="a">DbA I 954, 409-411; II 165, 244-245; III 702, 194; ADB, 25 (1887), S. 761-762</subfield>
    </datafield>
    <datafield tag="670" ind1=" " ind2=" ">
      <subfield code="a">Wikipedia</subfield>
      <subfield code="u">https://de.wikipedia.org/wiki/Philipp_Wilhelm_(Brandenburg-Schwedt)</subfield>
    </datafield>
    <datafield tag="913" ind1=" " ind2=" ">
      <subfield code="S">pnd</subfield>
      <subfield code="i">5</subfield>
      <subfield code="a">Philipp Wilhelm &lt;Brandenburg-Schwedt, Markgraf&gt;</subfield>
      <subfield code="0">(DE-588a)120182815</subfield>
    </datafield>
  </record>
